@inproceedings{im2gps,
	Author    = {James Hays and Alexei A. Efros},
	Title     = {im2gps: estimating geographic information from a single image},
	Booktitle = {Proceedings of the {IEEE} Conf. on Computer Vision and Pattern Recognition ({CVPR})},
	Year      = {2008},
}

@inproceedings{zambanini,
	author = {Zambanini, Sebastian and Kampel, Martin},
	year = {2013},
	month = {06},
	pages = {11-21},
	title = {A Local Image Descriptor Robust to Illumination Changes},
	doi = {10.1007/978-3-642-38886-6_2}
}
